@misc{misc_chronic_kidney_disease_336,
  author       = {Rubini,L., Soundarapandian,P., and Eswaran,P.},
  title        = {{Chronic Kidney Disease}},
  year         = {2015},
  howpublished = {UCI Machine Learning Repository},
  note         = {{DOI} httpsdoi.org10.24432C5G020}
}